@techreport{RFC3561,
  author        = {C. Perkins and E. Belding-Royer and S. Das},
  title         = {Ad hoc On-Demand Distance Vector (AODV) Routing},
  howpublished  = {Internet Requests for Comments},
  type          = {RFC},
  number        = {3561},
  year          = {2003},
  month         = {July},
  issn          = {2070-1721},
  publisher     = {RFC Editor},
  institution   = {RFC Editor},
  url           = {http://www.rfc-editor.org/rfc/rfc3561.txt},
  note          = {\url{http://www.rfc-editor.org/rfc/rfc3561.txt}},
}

@techreport{RFC4728,
  author        = {D. Johnson and Y. Hu and D. Maltz},
  title         = {The Dynamic Source Routing Protocol (DSR) for Mobile Ad Hoc Networks for IPv4},
  howpublished  = {Internet Requests for Comments},
  type          = {RFC},
  number        = {4728},
  year          = {2007},
  month         = {February},
  issn          = {2070-1721},
  publisher     = {RFC Editor},
  institution   = {RFC Editor},
  url           = {http://www.rfc-editor.org/rfc/rfc4728.txt},
  note          = {\url{http://www.rfc-editor.org/rfc/rfc4728.txt}},
}

@techreport{RFC3626,
  author        = {T. Clausen and P. Jacquet},
  title         = {Optimized Link State Routing Protocol (OLSR)},
  howpublished  = {Internet Requests for Comments},
  type          = {RFC},
  number        = {3626},
  year          = {2003},
  month         = {October},
  issn          = {2070-1721},
  publisher     = {RFC Editor},
  institution   = {RFC Editor},
  url           = {http://www.rfc-editor.org/rfc/rfc3626.txt},
  note          = {\url{http://www.rfc-editor.org/rfc/rfc3626.txt}},
}

@techreport{RFC6550,
  author        = {T. Winter and P. Thubert and A. Brandt and J. Hui and R. Kelsey and P. Levis and K. Pister and R. Struik and JP. Vasseur and R. Alexander},
  title         = {RPL: IPv6 Routing Protocol for Low-Power and Lossy Networks},
  howpublished  = {Internet Requests for Comments},
  type          = {RFC},
  number        = {6550},
  year          = {2012},
  month         = {March},
  issn          = {2070-1721},
  publisher     = {RFC Editor},
  institution   = {RFC Editor},
  url           = {http://www.rfc-editor.org/rfc/rfc6550.txt},
  note          = {\url{http://www.rfc-editor.org/rfc/rfc6550.txt}},
}

@techreport{roll_home,
  author = {Anders Brandt and Jakob Buron},
  title = {Home Automation Routing Requirements in Low Power and Lossy Networks},
  howpublished = {Working Draft},
  type = {Internet-Draft},
  number = {draft-ietf-roll-home-routing-reqs-11},
  year = {2010},
  month = {January},
  institution = {IETF Secretariat},
  url = {http://www.ietf.org/internet-drafts/draft-ietf-roll-home-routing-reqs-11.txt},
  note = {\url{http://www.ietf.org/internet-drafts/draft-ietf-roll-home-routing-reqs-11.txt}},
}

@ARTICLE {DSDV,
  author  = {Charles E. Perkins and Pravin Bhagwat},
  title   = {Highly dynamic Destination-Sequenced Distance-Vector routing (DSDV) for mobile computers},
  journal = {ACM SIGCOMM Computer Communication Review},
  year    = {1994},
  volume  = {24},
  number  = {4},
  pages   = {234-244},
  month   = {oct}
}

@INPROCEEDINGS {XMAC,
  author    = {Michael Buettner and Gary V. Yee and Eric Anderson and Richard Han},
  title     = {X-MAC: a short preamble MAC protocol for duty-cycled wireless sensor networks},
  booktitle = {Proceedings of the 4th international conference on Embedded networked sensor systems},
  year      = {2006},
  pages     = {307-320},
  publisher = {Association for Computing Machinery}
}

@ARTICLE {BOX_MAC,
  author  = "David Moss and Philip Levis",
  title   = "BoX-MACs: Exploiting Physical and Link Layer Boundaries in Low-Power Networking",
  journal = "Computer Systems Laboratory Stanford University",
  year    = "2008"
}

@ARTICLE {ContikiMAC,
  author  = {Adam Dunkels},
  title   = {The ContikiMAC Radio Duty Cycling Protocol},
  journal = {SICS Technical Report},
  year    = {2011},
  number  = {13},
  month   = {dec}
}

@MISC {IHS_IOT,
    author = "{IHS Markit}",
    title  = "IoT Trend Watch 2017",
    month  = "jan",
    year   = "2017",
    url    = "https://cdn.ihs.com/www/pdf/IoT-trend-watch-2017.pdf"
}

@MISC {SURVEY_IOT,
    author = "Ian Skerrett",
    title  = "IoT Developer Survey 2017",
    month  = "apr",
    year   = "2017",
    url    = "https://www.slideshare.net/IanSkerrett/iot-developer-survey-2017"
}

@ARTICLE {LPL,
    author  = "David Moss and Jonathan Hui and Kevin Klues",
    title   = "Low Power Listening",
    journal = "TinyOS Core Working Group",
    year    = "2007",
    volume  = "TEP 105"
}

@ARTICLE {LPP,
    author  = "Razvan Musaloiu-E. and Chieh-Jan Mike Liang and Andreas Terzis",
    title   = "Koala: Ultra-Low Power Data Retrieval in Wireless Sensor Networks",
    journal = "International Conference on Information Processing in Sensor Networks",
    year    = "2008",
    pages   = "421-432"
}

@INPROCEEDINGS {AODV_vs_DSR,
    author    = "Mohammed Bouhorma and H. Bentaouit and A. Boudhir",
    title     = "Performance comparison of ad-hoc routing protocols AODV and DSR",
    booktitle = "International Conference on Multimedia Computing and Systems",
    year      = "2009",
    volume    = "2",
    series    = "2",
    pages     = "511	- 514",
    month     = "apr"
}

@INPROCEEDINGS {AODV_vs_DSDV,
    author    = "Sachin Kumar Gupta and R. K. Saket",
    title     = "PERFORMANCE METRIC COMPARISON OF AODV AND DSDV ROUTING PROTOCOLS IN MANETs USING NS-2",
    booktitle = "International Journal of Research and Reviews in Applied Sciences",
    year      = "2011",
    volume    = "7.3",
    pages     = "339-350",
    month     = "jun"
}

@INPROCEEDINGS {DSDV_vs_AODV_vs_DSR,
    author    = "Asma Tuteja and Rajneesh Gujral and Sunil Thalia",
    title     = "Comparative Performance Analysis of DSDV, AODV and DSR Routing Protocols in MANET using NS2",
    booktitle = "International Conference on Advances in Computer Engineering",
    year      = "2010",
    month     = "jun",
    publisher = "IEEE"
}

@INPROCEEDINGS {RPL_vs_AODV,
    author    = "Malisa Vucinic and Bernard Tourancheau and Andrzej Duda",
    title     = "Performance Comparison of the RPL and LOADng Routing Protocols in a Home Automation Scenario",
    booktitle = "IEEE Wireless Communications and Networking Conference (WCNC): NETWORKS",
    year      = "2013",
    month     = "apr",
    publisher = "IEEE"
}

@INPROCEEDINGS {OLSR_vs_AODV_vs_DSDV,
    author    = "Pore Ghee Lye and John C. McEachen",
    title     = "A Comparison of Optimized Link State Routing with Traditional Ad-hoc Routing Protocols",
    booktitle = "Operations Research, Systems Engineering and Industrial Engineering Commons",
    year      = "2006",
    month     = "dec",
    publisher = "US Department of Defense"
}

@ARTICLE {bellman,
    author  = "Richard Bellman",
    title   = "On a routing problem",
    journal = "Quarterly of applied mathematics",
    year    = "1958",
    volume  = "16.1",
    pages   = "87-90"
}

@MISC {SIG,
    title = "The Bluetooth Special Interest Group",
    howpublished   = "\url{https://www.bluetooth.com}"
}

@MISC {ble_spec,
    title = "Bluetooth Core Specifications",
    howpublished   = "\url{https://www.bluetooth.com/specifications/adopted-specifications}"
}

@MISC {nordic_sdk,
    title = "nRF5 SDK",
    howpublished   = "\url{https://www.nordicsemi.com/eng/Products/Bluetooth-low-energy/nRF5-SDK}"
}

@MISC {omnet,
    title = "OMNeT++ Dsicrete Even Simulator",
    howpublished   = "\url{https://omnetpp.org/}"
}

@MISC {ble_simulator,
    title = "BLUETOOTH LOW ENERGY (BLUETOOTH SMART) NETWORK SIMULATION TOOL",
    author = "Konstantin Mikhaylov",
    howpublished   = "\url{http://cc.oulu.fi/~kmikhayl/BLE.html}"
}

@MISC {rc_demo,
    title = "Roll Call demonstration",
    howpublished   = "\url{https://www.youtube.com/watch?v=Kjj2l9KPVzk}"
}
